@TechReport{inei1,
	author = {Instituto Nacional de Estadistica e Informática},
	publisher = {INEI},
	year = {2014},
	country = {Perú},
	webpage = {https://www.inei.gob.pe/media/MenuRecursivo/publicaciones_digitales/Est/Lib1139/index.html}
}
@Book{fund_ideas,
	Author = {Fundación IDEAS},
	Title = {Cloud Computing: Retos y oportunidades},
	Year = {2011},
	Publisher = {Fundación IDEAS}
}

@TechReport{produce,
	author = {{Ministerio de la Producci'on}},
	title = {{Anuario Estad'istico, Industrial, Mipyme y Comercio Interno 2015}},
	institution = {Ministerio de la Producci'on},
	year = {2015},
	OPTaddress = {Per'u},
	Country = {Per'u},
	webpage = {http://www.produce.gob.pe}
}
